<collection xmlns="http://www.loc.gov/MARC21/slim">
<record>
  <leader>01500nam0a2200277 i 450 </leader>
  <controlfield tag="001">IT\ICCU\CNCE\025988</controlfield>
  <controlfield tag="005">20150930000000.0</controlfield>
  <datafield tag="012" ind1=" " ind2=" ">
    <subfield code="a">meam usis usen usi- (C) 1581 (R)</subfield>
    <subfield code="2">fei</subfield>
  </datafield>
  <datafield tag="100" ind1=" " ind2=" ">
    <subfield code="a">19971007d1581        0itac0103    ba</subfield>
  </datafield>
  <datafield tag="101" ind1=" " ind2=" ">
    <subfield code="a">LAT</subfield>
  </datafield>
  <datafield tag="102" ind1=" " ind2=" ">
    <subfield code="a">IT</subfield>
  </datafield>
  <datafield tag="200" ind1="1" ind2=" ">
    <subfield code="a">Oratio Aurelii Pellinii Perusini ad magistratum populumq. Fabrian. de pace, In Diui praesulis Nicolai die festo habita a Floro Florio optimae spei adolescente praeclaro. VIII Id. Decemb. MDLXXX</subfield>
  </datafield>
  <datafield tag="210" ind1=" " ind2=" ">
    <subfield code="a">Camerini</subfield>
    <subfield code="c">ex officina Hieronymi Stringarij Veronensis</subfield>
    <subfield code="d">et haered. Antonij Gioiosi</subfield>
    <subfield code="d">1581</subfield>
  </datafield>
  <datafield tag="215" ind1=" " ind2=" ">
    <subfield code="a">\8! c.</subfield>
    <subfield code="d">4ʻ</subfield>
  </datafield>
  <datafield tag="620" ind1=" " ind2=" ">
    <subfield code="a">IT</subfield>
    <subfield code="d">Camerino</subfield>
  </datafield>
  <datafield tag="700" ind1=" " ind2="1">
    <subfield code="a">Pellini,</subfield>
    <subfield code="b">Aurelio</subfield>
    <subfield code="3">IT\ICCU\CNCA\007725</subfield>
  </datafield>
  <datafield tag="712" ind1="0" ind2="0">
    <subfield code="a">Gioioso, Antonio - eredi &amp; Stringario, Girolamo</subfield>
    <subfield code="3">IT\ICCU\CNCT\001337</subfield>
    <subfield code="4">650</subfield>
  </datafield>
  <datafield tag="790" ind1=" " ind2="1">
    <subfield code="a">Pellinus,</subfield>
    <subfield code="b">Aurelius</subfield>
    <subfield code="3">IT\ICCU\CNCA\022026</subfield>
    <subfield code="z">Pellini, Aurelio</subfield>
  </datafield>
  <datafield tag="790" ind1=" " ind2="1">
    <subfield code="a">Righino dei Pellini,</subfield>
    <subfield code="b">Aurelio</subfield>
    <subfield code="3">IT\ICCU\CNCA\022027</subfield>
    <subfield code="z">Pellini, Aurelio</subfield>
  </datafield>
  <datafield tag="801" ind1=" " ind2="3">
    <subfield code="a">IT</subfield>
    <subfield code="b">ICCU</subfield>
    <subfield code="c">20201114</subfield>
  </datafield>
  <datafield tag="899" ind1=" " ind2=" ">
    <subfield code="a">Biblioteca comunale Augusta. Perugia</subfield>
    <subfield code="1">PG0109</subfield>
    <subfield code="2">UM1 01</subfield>
  </datafield>
  <datafield tag="899" ind1=" " ind2=" ">
    <subfield code="a">Biblioteca nazionale centrale. Roma</subfield>
    <subfield code="1">RM0267</subfield>
    <subfield code="2">BVE CR</subfield>
  </datafield>
  <datafield tag="899" ind1=" " ind2=" ">
    <subfield code="a">Biblioteca dell&apos;Accademia nazionale dei Lincei e Corsiniana. Roma</subfield>
    <subfield code="1">RM0418</subfield>
    <subfield code="2">RML 10</subfield>
  </datafield>
  <datafield tag="899" ind1=" " ind2=" ">
    <subfield code="a">Biblioteca comunale degli Intronati. Siena</subfield>
    <subfield code="1">SI0046</subfield>
    <subfield code="2">RT1 QI</subfield>
  </datafield>
  <datafield tag="911" ind1=" " ind2=" ">
    <subfield code="a">Sul front.</subfield>
    <subfield code="9">IT\ICCU\CNCM\002288</subfield>
  </datafield>
  <datafield tag="921" ind1=" " ind2=" ">
    <subfield code="a">IT\ICCU\CNCM\002288</subfield>
    <subfield code="b">Aquila tiene tra gli artigli un altro uccello. In cornice figurata.</subfield>
    <subfield code="e">Natura iubente et arte exequente</subfield>
    <subfield code="c">U819</subfield>
    <subfield code="d">Dimensioni: 6,5 x 7,5</subfield>
    <subfield code="f">AQUILA</subfield>
    <subfield code="f">NATURAIUBE</subfield>
    <subfield code="g">1580-1581</subfield>
  </datafield>
</record>
</collection>
